<?xml version="1.0" encoding="UTF-8"?><collection xmlns="http://www.loc.gov/MARC21/slim"><record><leader>00470nam--2200145-i-4500</leader><controlfield tag="001">000013695</controlfield><controlfield tag="002">20161230</controlfield><controlfield tag="005">20170114002221</controlfield><controlfield tag="008">060222s1000------------r-----000-0-eng-d</controlfield><datafield ind1=" " ind2=" " tag="245"><subfield code="a">Lectures on geometric methods in mathematical physics</subfield></datafield><datafield ind1=" " ind2=" " tag="260"><subfield code="a">Philadelphia</subfield><subfield code="b">Society For Industrial And Applied Mathematics</subfield><subfield code="c">1981</subfield></datafield><datafield ind1=" " ind2=" " tag="490"><subfield code="a">Cbms-nsf Regional Conference Series In Applied Mathematics</subfield></datafield><datafield ind1=" " ind2=" " tag="700"><subfield code="a">Marsden, Jerrold</subfield></datafield><datafield ind1=" " ind2=" " tag="852"><subfield code="a">49234</subfield></datafield><datafield ind1=" " ind2=" " tag="CAT"><subfield code="a">SYS</subfield><subfield code="c">20170114</subfield><subfield code="h">002221</subfield></datafield></record></collection>